<record><leader>00000cas a22000007a 4500</leader><controlfield tag="001">31764199</controlfield><controlfield tag="008">950104d19161916nyudn ne      0    0eng d</controlfield><controlfield tag="009">550</controlfield><datafield ind1=" " ind2=" " tag="010"><subfield code="a">sn 95071016 </subfield></datafield><datafield ind1=" " ind2=" " tag="040"><subfield code="a">NYS</subfield><subfield code="b">eng</subfield><subfield code="c">NYS</subfield><subfield code="d">OCLCQ</subfield></datafield><datafield ind1="1" ind2=" " tag="029"><subfield code="a">AU@</subfield><subfield code="b">000011501879</subfield></datafield><datafield ind1=" " ind2=" " tag="042"><subfield code="a">msc</subfield></datafield><datafield ind1="0" ind2=" " tag="130"><subfield code="a">Daily journal (Lackawanna, N.Y.)</subfield></datafield><datafield ind1="0" ind2="4" tag="245"><subfield code="a">The daily journal.</subfield></datafield><datafield ind1="1" ind2="3" tag="246"><subfield code="a">Journal and bulletin</subfield></datafield><datafield ind1=" " ind2=" " tag="260"><subfield code="a">Buffalo, N.Y. ;</subfield><subfield code="a">Lackawanna, N.Y. :</subfield><subfield code="b">Ellis-Joslyn Pub. Co.</subfield></datafield><datafield ind1=" " ind2=" " tag="300"><subfield code="a">v.</subfield></datafield><datafield ind1=" " ind2=" " tag="310"><subfield code="a">Daily (except Thursday)</subfield></datafield><datafield ind1="0" ind2=" " tag="362"><subfield code="a">Vol. 1, no. 1 (Jan. 3, 1916)-v. 1, no. 73 (Apr. 11, 1916).</subfield></datafield><datafield ind1=" " ind2=" " tag="500"><subfield code="a">Official paper of the City of Lackawanna, and Town of West Seneca.</subfield></datafield><datafield ind1=" " ind2=" " tag="580"><subfield code="a">Weekly ed.: Journal (Lackawanna, N.Y.).</subfield></datafield><datafield ind1=" " ind2="4" tag="651"><subfield code="a">Buffalo (N.Y.)</subfield><subfield code="v">Newspapers.</subfield></datafield><datafield ind1=" " ind2="4" tag="651"><subfield code="a">Lackawanna (N.Y.)</subfield><subfield code="v">Newspapers.</subfield></datafield><datafield ind1=" " ind2="4" tag="651"><subfield code="a">West Seneca (N.Y. : Town)</subfield><subfield code="v">Newspapers.</subfield></datafield><datafield ind1=" " ind2="4" tag="651"><subfield code="a">Erie County (N.Y.)</subfield><subfield code="v">Newspapers.</subfield></datafield><datafield ind1=" " ind2=" " tag="752"><subfield code="a">United States</subfield><subfield code="b">New York</subfield><subfield code="c">Erie</subfield><subfield code="d">Lackawanna.</subfield></datafield><datafield ind1="1" ind2=" " tag="775"><subfield code="t">Journal (Lackawanna, N.Y.)</subfield><subfield code="w">(DLC)sn 95071077</subfield></datafield><datafield ind1="0" ind2="0" tag="785"><subfield code="t">Lackawanna daily journal</subfield><subfield code="w">(DLC)sn 88074737</subfield></datafield></record>